@article{elegislation,
  title={Integrating Deliberation and Voting in Participatory Drafting of Legislation},
  author={Shapiro, Ehud and Talmon, Nimrod},
  journal={arXiv preprint arXiv:1806.06277},
  year={2018}
}


@article{declaration,
  title={DÃ©claration des droits de l'homme et du citoyen},
  author={National
Constituent Assembly},
  year = {1789},
  note = {See \url{https://en.wikipedia.org/wiki/Declaration_of_the_Rights_of_Man_a
nd_of_the_Citizen} for an English translation}
}

@article{cacm,
  title={Point: foundations of e-democracy},
  author={Shapiro, Ehud},
  journal={Communications of the ACM},
  volume={61},
  number={8},
  pages={31--34},
  year={2018},
  publisher={ACM}
}

@inproceedings{sybilsurvey,
  title={Sok: The evolution of sybil defense via social networks},
  author={Alvisi, L. and Clement, A. and Epasto, A. and Lattanzi, S. and Panconesi, A.},
  booktitle={2013 IEEE Symposium on Security and Privacy (SP '13)},
  pages={382--396},
  year={2013}
}

@article{conitzer2010using,
  title={Using mechanism design to prevent false-name manipulations},
  author={Conitzer, V. and Yokoo, M.},
  journal={{AI} magazine},
  volume={31},
  number={4},
  pages={65--78},
  year={2010}
}

@inproceedings{molavi2013iolaus,
  title={Iolaus: Securing online content rating systems},
  author={Molavi Kakhki, A. and Kliman-Silver, C. and Mislove, A.},
  booktitle={Proceedings of the 22nd international conference on World Wide Web (WWW' 13)},
  pages={919--930},
  year={2013}
}

@inproceedings{interintra,
  author    = {R. Izsak and
               N. Talmon and
               G. J. Woeginger},
  title     = {Committee Selection with Intraclass and Interclass Synergies},
  booktitle = {Proceedings of AAAI '18},
  pages     = {1071--1078},
  year      = {2018}}

@article{aziz2018rule,
  title={A Rule for Committee Selection with Soft Diversity Constraints},
  author={Aziz, Haris},
  journal={arXiv preprint arXiv:1803.11437},
  year={2018}
}

@inproceedings{BFIa,
	Author = {R. Bredereck and P. Faliszewski and A. Igarashi and M. Lackner and P. Skowron},
	Booktitle = "Proceedings of AAAI '18",
Year = 2018}

@inproceedings{csrhierarchy,
	Author = {P.~Faliszewski and P.~Skowron and A.~Slinko and N.~Talmon},
	Booktitle = {Proceedings of IJCAI '16},
	Pages = {250--256},
	Title = {Committee Scoring Rules: {A}xiomatic Classification and Hierarchy},
	Year = {2016}}

@article{condorcetbudgeting,
  title={A Condorcet-Consistent Democratic Budgeting Algorithm},
  author={E. Shapiro and N. Talmon},
  journal={arXiv preprint arXiv:1709.05839},
  year={2018}
}

@article{fluschnik2017fair,
  title={Fair Knapsack},
  author={Fluschnik, T. and Skowron, P. and Triphaus, M. and Wilker, K.},
  journal={arXiv preprint arXiv:1711.04520},
  year={2017}
}

@inproceedings{fain2016core,
  title={The core of the participatory budgeting problem},
  author={Fain, B. and Goel, A. and Munagala, K.},
  booktitle={Proceedings of the 12th International Conference on Web and Internet Economics (WINE '16)},
  pages={384--399},
  year={2016}
}


@inproceedings{aussieone,
  title={Proportionally Representative Participatory Budgeting: Axioms and Algorithms},
  author={Aziz, H. and Lee, B. and Talmon, N.},
  booktitle={Proceedings of AAMAS '18},
  year={2018}
}


@inproceedings{mw2d,
	Author = {E.~Elkind and P.~Faliszewski and J.~Laslier and P.~Skowron and A.~Slinko and N.~Talmon},
	Booktitle = {Proceedings of AAAI '17},
	Pages = {494--501},
	Title = {What Do Multiwinner Voting Rules Do? {An} Experiment Over the Two-Dimensional Euclidean Domain},
	Year = 2017}


@inproceedings{propertiesofmw,
	Author = {E.~Elkind and P.~Faliszewski and P.~Skowron and A.~Slinko},
	Booktitle = {Proceedings of AAMAS '14},
	Pages = {53--60},
	Title = {Properties of Multiwinner Voting Rules},
	Year = {2014}}


@article{vnw,
  title={The complexity of multiwinner voting rules with variable number of winners},
  author={Faliszewski, Piotr and Slinko, Arkadii and Talmon, Nimrod},
  journal={arXiv preprint arXiv:1711.06641},
  year={2017}
}

@article{kilgourvnw,
	Author = {M.~Kilgour},
	Journal = {Theory and Decision},
	Number = {2},
	Pages = {1--13},
	Title = {Approval Elections with a Variable Number of Winners},
	Volume = {81},
	Year = {2016}}


@incollection{mwchapter,
	Author = {P.~Faliszewski and P.~Skowron and A.~Slinko and N.~Talmon},
	Booktitle = {Trends in Computational Social Choice},
	Editor = {U.~Endriss},
	Publisher = {AI Access Foundation},
	Title = {Multiwinner Voting: {A} New Challenge for Social Choice Theory},
	Year = {2017}}

@inproceedings{waggoner2012evaluating,
  title={Evaluating Resistance to False-Name Manipulations in Elections.},
  author={Waggoner, B. and Xia, L. and Conitzer, V.},
  booktitle={Proceedings of the 26rd {AAAI} Conference on Artificial Intelligence (AAAI '12)},
  year={2012}
}

@article{wagman2014false,
  title={False-name-proof voting with costs over two alternatives},
  author={Wagman, L. and Conitzer, V.},
  journal={International Journal of Game Theory},
  volume={43},
  number={3},
  pages={599--618},
  year={2014}
}

@inproceedings{cao2012aiding,
  title={Aiding the detection of fake accounts in large scale social online services},
  author={Cao, Q. and Sirivianos, M. and Yang, X. and Pregueiro, T.},
  booktitle={Proceedings of the 9th USENIX conference on Networked Systems Design and Implementation (NSDI' 12)},
  pages={15--15},
  year={2012}
}

@article{viswanath2010analysis,
  title={An analysis of social network-based sybil defenses},
  author={Viswanath, B. and Post, A. and Gummadi, K. P. and Mislove, A.},
  journal={ACM SIGCOMM Computer Communication Review},
  volume={40},
  number={4},
  pages={363--374},
  year={2010}
}

@inproceedings{douceur2002sybil,
  title={The sybil attack},
  author={Douceur, J. R.},
  booktitle={International workshop on peer-to-peer systems},
  pages={251--260},
  year={2002}
}

@article{SRSC,
  title={Reality-aware Sybil-Resilient Voting},
  author={Shahaf, G. and Shapiro, E. and Talmon, N.},
  journal={arXiv preprint arXiv:1807.11105},
  year={2018}
}

@inproceedings{chen2013sybil,
  title={Sybil-proof mechanisms in query incentive networks},
  author={Chen, W. and Wang, Y. and Yu, D. and Zhang, L.},
  booktitle={Proceedings of the 14th ACM Conference on Electronic Commerce (EC' 13)},
  pages={197--214},
  year={2013}
}

@inproceedings{conitzer2010false,
  title={False-name-proofness in social networks},
  author={Conitzer, V. and Immorlica, N. and Letchford, J. and Munagala, K. and Wagman, L.},
  booktitle={Proceedings of the 6th International Workshop on Internet and Network Economics (WINE '10)},
  pages={209--221},
  year={2010},
}

@inproceedings{wagman2008optimal,
  title={Optimal False-Name-Proof Voting Rules with Costly Voting.},
  author={Wagman, L. and Conitzer, V.},
  booktitle={Proceedings of the 22st {AAAI} Conference on Artificial Intelligence (AAAI '08)},
  pages={190--195},
  year={2008}
}

@inproceedings{tran2009sybil,
  title={Sybil-Resilient Online Content Voting.},
  author={Tran, D. N. and Min, B. and Li, J. and Subramanian, L.},
  booktitle={USENIX Symposium on Networked Systems Design and Implementation (NSDI '09)},
  pages={15--28},
  year={2009}
}

@article{colomer2013ramon,
  title={Ramon {L}lull: from ``Ars electionis'' to social choice theory},
  author={Colomer, J. M.},
  journal={Social Choice and Welfare},
  volume={40},
  number={2},
  pages={317--328},
  year={2013}
}

@unpublished{textvoting,
author={E. Shapiro and N. Talmon},
title={Deliberative Drafting of a Condorcet-Winning Legislation},
year={2018},
note={Unpublished manuscript.}
}

@article{IIAR,
  title={Independence of irrelevant alternatives in the theory of voting},
  author={Bordes, G. and Tideman, N.},
  journal={Theory and Decision},
  volume={30},
  number={2},
  pages={163--186},
  year={1991}
}

@book{chellas1980modal,
  title={Modal logic: an introduction},
  author={Chellas, B. F.},
  year={1980},
  publisher={Cambridge university press}
}

@inproceedings{preliminary,
  Author = "E.~Shapiro and N.~Talmon",
  Title = "Incorporating Reality into Social Choice",
  Booktitle = {Proceedings of the 17th International Conference on Autonomous Agents and Multiagent Systems (AAMAS '18)},
  Year = "2018"
}

@article{cabannes2004participatory,
  title={Participatory budgeting: a significant contribution to participatory democracy},
  author={Cabannes, Y.},
  journal={Environment and urbanization},
  volume={16},
  number={1},
  pages={27--46},
  year={2004}
}

@misc{GJ79,
  title={Computers and Intractability: A Guide to the Theory of {NP}-completeness},
  author={Gary, M. R. and Johnson, D. S.},
  year={1979},
  publisher={WH Freeman and Company, New York}
}

@article{goel2015knapsack,
  title={Knapsack voting},
  author={Goel, A. and Krishnaswamy, A. K. and Sakshuwong, S. and Aitamurto, T.},
  journal={Collective Intelligence},
  year={2015}
}

@inproceedings{procaccia2006distortion,
  title={The distortion of cardinal preferences in voting},
  author={Procaccia, A. D. and Rosenschein, J. S.},
  booktitle={Proceedings of the 10th International Workshop on Cooperative Information Agents (CIA '06)},
  pages={317--331},
  year={2006}
}

@inproceedings{benade2017preference,
  title={Preference Elicitation For Participatory Budgeting},
  author={Benade, G. and Nath, S. and Procaccia, A. D. and Shah, N.},
  booktitle={Proceedings of the 31st {AAAI} Conference on Artificial Intelligence (AAAI '17). To appear},
  year={2017}
}

@incollection{chaptermw,
  author      = "P. Faliszewski and P. Skowron and A. Slinko and N. Talmon",
  title       = "Multiwinner Voting: A New Challenge for Social Choice Theory",
  editor      = "U. Endriss",
  booktitle   = "Trends in Computational Social Choice",
  year        = {2017 (To appear)},
}

@book{moulin2016handbook,
  title={Handbook of Computational Social Choice},
  author={Moulin, H. and Brandt, F. and Conitzer, V. and Endriss, U. and Procaccia, A. D. and Lang, J.},
  year={2016},
  publisher={Cambridge University Press}
}

@article{xia2011determining,
  title={Determining possible and necessary winners given partial orders},
  author={Xia, L. and Conitzer, V.},
  journal={Journal of Artificial Intelligence Research},
  volume={41},
  pages={25--67},
  year={2011}
}

@article{gehrlein1985condorcet,
  title={The {C}ondorcet criterion and committee selection},
  author={Gehrlein, W. V.},
  journal={Mathematical Social Sciences},
  volume={10},
  number={3},
  pages={199--209},
  year={1985}
}

@inproceedings{lu2011budgeted,
  title={Budgeted social choice: From consensus to personalized decision making},
  author={Lu, Tyler and Boutilier, Craig},
  booktitle={Proceedings of the 22nd Joint Conference on Artifical Intelligence (IJCAI '11)},
  pages={280--286},
  year={2011}
}

@article{wainwright2003making,
  title={Making a people's budget in {P}orto {A}legre},
  author={Wainwright, H.},
  journal={NACLA Report on the Americas},
  volume={36},
  number={5},
  pages={37--42},
  year={2003}
}

@article{ganuza2012power,
  title={The power of ambiguity: How participatory budgeting travels the globe},
  author={Ganuza, E. and Baiocchi, G.},
  journal={Journal of Public Deliberation},
  volume={8},
  number={2},
  year={2012}
}

@incollection{kilgour2010approval,
  title={Approval balloting for multi-winner elections},
  author={Kilgour, D. M.},
  booktitle={Handbook on approval voting},
  pages={105--124},
  year={2010},
}

@book{arrowbookfirst,
  title={Social choice and individual values},
  author={Arrow, K. J.},
  year={1951},
  publisher={Yale university press},
  edition={first}
}

@book{arrowbooksecond,
  title={Social choice and individual values},
  author={Arrow, K. J.},
  year={1963},
  publisher={Yale university press},
  edition={second}
}

@article{sen1986social,
  title={Social choice theory},
  author={Sen, A.},
  journal={Handbook of mathematical economics},
  volume={3},
  pages={1073--1181},
  year={1986},
  publisher={Elsevier}
}

@article{barbera1993generalized,
  title={Generalized median voter schemes and committees},
  author={Barber{\`a}, S. and Gul, F. and Stacchetti, E.},
  journal={Journal of Economic Theory},
  volume={61},
  number={2},
  pages={262--289},
  year={1993}
}

@article{budgetingone,
  author = "E. Shapiro and N. Talmon",
  title = "A {C}ondorcet-consistent Democratic Budgeting Algorithm",
  journal={arXiv preprint arXiv:1709.05839},
  year = "2017"
}

@misc{duncan1958theory,
  title={The theory of committees and elections},
  author={Duncan, B.},
  year={1958},
  publisher={Cambridge: Cambridge University Press}
}

@article{richelson1984social,
  title={Social choice and the status quo},
  author={Richelson, J. T.},
  journal={Public Choice},
  volume={42},
  number={3},
  pages={225--234},
  year={1984},
}

@article{grofman1985neglected,
  title={The neglected role of the status quo in models of issue voting},
  author={Grofman, B.},
  journal={The Journal of Politics},
  volume={47},
  number={1},
  pages={230--237},
  year={1985},
  publisher={Southern Political Science Association}
}

@inproceedings{elkind2016preference,
  title={Preference Restrictions in Computational Social Choice: Recent Progress},
  author={Elkind, E. and Lackner, M. and Peters, D.},
  booktitle={Proceedings of IJCAI '16},
  volume={16},
  pages={4062--4065},
  year={2016}
}

@book{kerr2001uses,
  title={The uses of the university},
  author={Kerr, C.},
  year={1963},
  publisher={Harvard University Press}
}

@book{SpatialModel,
  title={The spatial theory of voting: An introduction},
  author={Enelow, J. M. and Hinich, M. J.},
  year={1984}
}

@article{kahneman1991anomalies,
  title={Anomalies: The endowment effect, loss aversion, and status quo bias},
  author={Kahneman, D. and Knetsch, J. L. and Thaler, R. H.},
  journal={Journal of Economic Perspectives},
  volume={5},
  number={1},
  pages={193--206},
  year={1991}
}

@article{dodgson1873discussion,
  title={A discussion of the various methods of procedure in conducting elections},
  author={Dodgson, C. L.},
  journal={Privately printed in Oxford},
  year={1873}
}

@misc{riker1982liberalism,
  title={Liberalism against populism},
  author={Riker, W. H.},
  year={1982},
  publisher={San Francisco: WH Freeman}
}

@article{gibbard1987arrow,
  title={Arrow's theorem with a fixed feasible alternative},
  author={Gibbard, A. and Hylland, A. and Weymark, J. A.},
  journal={Social Choice and Welfare},
  volume={4},
  number={2},
  pages={105--115},
  year={1987}
}

@article{yanovskaya1991social,
  title={Social choice problems with fixed sets of alternatives},
  author={Yanovskaya, Y.},
  journal={Mathematical Social Sciences},
  volume={21},
  number={2},
  pages={129--152},
  year={1991}
}

@book{brams2007approval,
  title={Approval voting},
  author={Brams, S. and Fishburn, P. C.},
  year={2007},
  publisher={Springer}
}

@article{chapelle2009semi,
  title={Semi-supervised learning (chapelle, o. et al., eds.; 2006)[book reviews]},
  author={Chapelle, Olivier and Scholkopf, Bernhard and Zien, Alexander},
  journal={IEEE Transactions on Neural Networks},
  volume={20},
  number={3},
  pages={542--542},
  year={2009},
  publisher={IEEE}
}

@article{doyle2000random,
  title={Random walks and electric networks},
  author={Doyle, Peter G and Snell, J Laurie},
  journal={arXiv preprint math/0001057},
  year={2000}
}

@inproceedings{realsoc,
  title={Incorporating Reality into Social Choice},
  author={Shapiro, E. and Talmon, N.},
  booktitle={Proceedings of the 17th Conference on Autonomous Agents and Multiagent Systems (AAMAS '18)},
  year={2017},
  notes={To appear}
}

@inproceedings{black2008wikipedia,
  title={Wikipedia is not a democracy: Deliberation and policy-making in an online community},
  author={Black, L. and Welser, T. and DeGroot, J. and Cosley, D.},
  booktitle={Annual meeting of the International Communication Association, Montreal, Quebec, Canada},
  year={2008}
}

@article{soylent,
  title={Soylent: a word processor with a crowd inside},
  author={Bernstein, M. S. and Little, G. and Miller, R. C. and Hartmann, B. and Ackerman, M. S. and Karger, D. R. and Crowell, D. and Panovich, K.},
  journal={Communications of the ACM},
  volume={58},
  number={8},
  pages={85--94},
  year={2015}
}

@article{aitamurto2012crowdsourcing,
  title={Crowdsourcing for democracy: A new era in policy-making},
  author={Aitamurto, T.},
  year={2012}
}

@article{ochoa2008relationship,
  title={The Relationship of Participatory Democracy to Participatory Law Formation},
  author={Ochoa, C.},
  journal={Indiana Journal of Global Legal Studies},
  volume={15},
  number={1},
  pages={5--18},
  year={2008},
}

@book{liquidfeedback,
	Author = {J. Behrens and A. Kistner and A. Nitsche and B. Swierczek},
	Title = {The Principles of LiquidFeedback},
	Year = {2014}}

@article{democraticbudgeting,
  author    = {E. Shapiro and
               N. Talmon},
  title     = {A Condorcet-Consistent Democratic Budgeting Algorithm},
  year      = {2017},
  url={http://arxiv.org/abs/1709.05839}}

@article{de2000topology,
  title={Topology of strings: Median string is {NP}-complete},
  author={de la Higuera, C. and Casacuberta, F.},
  journal={Theoretical computer science},
  volume={230},
  number={1-2},
  pages={39--48},
  year={2000}
}

@misc{bible,
  title={Computers and intractability: a guide to {NP}-completeness},
  author={Garey, M. R. and Johnson, D. S.},
  year={1979}
}

@article{schiavinotto2007review,
  title={A review of metrics on permutations for search landscape analysis},
  author={Schiavinotto, T. and St{\"u}tzle, T.},
  journal={Computers \& operations research},
  volume={34},
  number={10},
  pages={3143--3153},
  year={2007}
}

@book{newtestament,
  title={Parameterized complexity},
  author={Downey, R. G. and Fellows, M. R.},
  year={2012}
}

@article{maier1978complexity,
  title={The complexity of some problems on subsequences and supersequences},
  author={Maier, D.},
  journal={Journal of the ACM (JACM)},
  volume={25},
  number={2},
  pages={322--336},
  year={1978}
}

@article{dryzek2003social,
  title={Social choice theory and deliberative democracy: a reconciliation},
  author={Dryzek, J. S. and List, C.},
  journal={British journal of political science},
  volume={33},
  number={1},
  pages={1--28},
  year={2003}
}

@article{hartmann2018voting,
  title={Voting, deliberation and truth},
  author={Hartmann, S. and Rad, S. R.},
  journal={Synthese},
  volume={195},
  number={3},
  pages={1273--1293},
  year={2018}
}
@inproceedings{realsoc,
  title={Incorporating Reality into Social Choice},
  author={Shapiro, E. and Talmon, N.},
  booktitle={Proceedings of the 17th Conference on Autonomous Agents and Multiagent Systems (AAMAS '18)},
  pages={1188--1192},
  year={2018}
}

@incollection{chaptermw,
  author      = "P. Faliszewski and P. Skowron and A. Slinko and N. Talmon",
  title       = "Multiwinner Voting: A New Challenge for Social Choice Theory",
  editor      = "U. Endriss",
  booktitle   = "Trends in Computational Social Choice",
  year        = {2017},
}

@incollection{jasurvey,
  author      = "C. List and C. Puppe",
  title       = "Judgment aggregation: A survey",
  booktitle   = "Handbook of Rational and Social Choice",
  year        = {2009},
}

@inproceedings{porello2011ontology,
  title={Ontology merging as social choice},
  author={Porello, Daniele and Endriss, Ulle},
  booktitle={International Workshop on Computational Logic in Multi-Agent Systems},
  pages={157--170},
  year={2011}
}

@inproceedings{dwork2001rank,
  title={Rank aggregation methods for the web},
  author={Dwork, Cynthia and Kumar, Ravi and Naor, Moni and Sivakumar, Dandapani},
  booktitle={Proceedings of the 10th international conference on World Wide Web (WWW `01)},
  pages={613--622},
  year={2001}
}

@book{arrowbookfirst,
  title={Social choice and individual values},
  author={Arrow, K. J.},
  year={1951},
  publisher={Yale university press},
  edition={first}
}

@article{sen1986social,
  title={Social choice theory},
  author={Sen, A.},
  journal={Handbook of mathematical economics},
  volume={3},
  pages={1073--1181},
  year={1986},
  publisher={Elsevier}
}


@article{aziz2017proportionally,
  title={Proportionally Representative Participatory Budgeting: Axioms and Algorithms},
  author={Aziz, Haris and Lee, Barton and Talmon, Nimrod},
  journal={arXiv preprint arXiv:1711.08226},
  year={2017}
}

@inproceedings{black2008wikipedia,
  title={Wikipedia is not a democracy: Deliberation and policy-making in an online community},
  author={Black, L. and Welser, T. and DeGroot, J. and Cosley, D.},
  booktitle={Annual meeting of the International Communication Association, Montreal, Quebec, Canada},
  year={2008}
}

@article{soylent,
  title={Soylent: a word processor with a crowd inside},
  author={Bernstein, M. S. and Little, G. and Miller, R. C. and Hartmann, B. and Ackerman, M. S. and Karger, D. R. and Crowell, D. and Panovich, K.},
  journal={Communications of the ACM},
  volume={58},
  number={8},
  pages={85--94},
  year={2015}
}

@article{aitamurto2012crowdsourcing,
  title={Crowdsourcing for democracy: A new era in policy-making},
  author={Aitamurto, T.},
  year={2012}
}

@article{ochoa2008relationship,
  title={The Relationship of Participatory Democracy to Participatory Law Formation},
  author={Ochoa, C.},
  journal={Indiana Journal of Global Legal Studies},
  volume={15},
  number={1},
  pages={5--18},
  year={2008},
}

@book{liquidfeedback,
	Author = {J. Behrens and A. Kistner and A. Nitsche and B. Swierczek},
	Title = {The Principles of LiquidFeedback},
	Year = {2014}}

@article{democraticbudgeting,
  author    = {E. Shapiro and
               N. Talmon},
  title     = {A Condorcet-Consistent Democratic Budgeting Algorithm},
  year      = {2017},
  url={http://arxiv.org/abs/1709.05839}}

@article{de2000topology,
  title={Topology of strings: Median string is {NP}-complete},
  author={de la Higuera, C. and Casacuberta, F.},
  journal={Theoretical computer science},
  volume={230},
  number={1-2},
  pages={39--48},
  year={2000}
}

@misc{bible,
  title={Computers and intractability: a guide to {NP}-completeness},
  author={Garey, M. R. and Johnson, D. S.},
  year={1979}
}

@article{schiavinotto2007review,
  title={A review of metrics on permutations for search landscape analysis},
  author={Schiavinotto, T. and St{\"u}tzle, T.},
  journal={Computers \& operations research},
  volume={34},
  number={10},
  pages={3143--3153},
  year={2007}
}

@book{newtestament,
  title={Parameterized complexity},
  author={Downey, R. G. and Fellows, M. R.},
  year={2012}
}

@article{maier1978complexity,
  title={The complexity of some problems on subsequences and supersequences},
  author={Maier, D.},
  journal={Journal of the ACM (JACM)},
  volume={25},
  number={2},
  pages={322--336},
  year={1978}
}

@article{dryzek2003social,
  title={Social choice theory and deliberative democracy: a reconciliation},
  author={Dryzek, J. S. and List, C.},
  journal={British journal of political science},
  volume={33},
  number={1},
  pages={1--28},
  year={2003}
}

@article{hartmann2018voting,
  title={Voting, deliberation and truth},
  author={Hartmann, S. and Rad, S. R.},
  journal={Synthese},
  volume={195},
  number={3},
  pages={1273--1293},
  year={2018}
}

@article{endriss2017graph,
  title={Graph aggregation},
  author={Endriss, Ulle and Grandi, Umberto},
  journal={Artificial Intelligence},
  volume={245},
  pages={86--114},
  year={2017}
}

@inproceedings{skowron2017proportional,
  title={Proportional rankings},
  author={Skowron, Piotr and Lackner, Martin and Brill, Markus and Peters, Dominik and Elkind, Edith},
  booktitle={Proceedings of the 26th International Joint Conference on Artificial Intelligence (IJCAI `17)},
  pages={409--415},
  year={2017}
}

@article{Fish77a,
	Author = {P. C. Fishburn},
	Journal = {SIAM Journal on Applied Mathematics},
	Number = {3},
	Pages = {469--489},
	Title = {Condorcet Social Choice Functions},
	Volume = {33},
	Year = {1977}
}

@incollection{FHN15a,
	Author = {F. Fischer and O. Hudry and R. Niedermeier},
	Booktitle = {Handbook of Computational Social Choice},
	Chapter = {4},
	Editor = {F. Brandt and V. Conitzer and U. Endriss and J. Lang and A. D. Procaccia},
	Title = {Weighted Tournament Solutions},
	Year = {2016}
}

@techreport{whitepaperone,
	author = {Democracy Earth},
	title = {The Social Smart Contract},
     note  =  {\url{http://paper.democracy.earth}},
     year = {2018}
}

@techreport{whitepaperoneexplanation,
    author = {Democracy Earth},
    title = {Contributing to the Social Smart Contract},
    note = {url{https://github.com/DemocracyEarth/paper/blob/master/} \url{CONTRIBUTING.md}},
    year = {2018}
}

@techreport{govlabone,
    author = {govlab},
    title = {Seven lessons from the crowdsourced law reform in Finland},
    note = {\url{http://thegovlab.org/seven-lessons-from-the-crowdsourced-} \url{law-reform-in-finland}},
    year = {2013}
}

@techreport{slateone,
    author = {Anonymous},
    title = {Mr. President, Give This Speech},
    note = {\url{http://www.slate.com/articles/news_and_politics/politics/2009/01/mr_president_give_this_speech.html}},
    year = {2009}
}

@techreport{nickone,
    author = {Nick Beauchamp},
    title = {Democratic Writing: Introduction and Help},
    note = {\url{http://www.nickbeauchamp.com/help.html}},
    year = {2002}
}

@article{liquidone,
    author = {BjÃ¶rn Swierczek},
    title = {Democratic File Revision Control with LiquidFeedback},
    note = {\url{http://www.liquid-democracy-journal.org/issue/4/The_Liquid_Democracy_Journal-Issue004-01-Democratic_Revision_Control_with_LiquidFeedback.html}},
    year = {2015},
    journal={The Liquid Democracy Journal},
  volume={4}
}








